@article{26085707,
  title = {{Indexing Volumetric Shapes with Matching and Packing.}},
  date = {2015 Apr 1},
  source = {Knowl Inf Syst},
  authors = {Koes, DR and Camacho, CJ},
  author = {Koes, DR and Camacho, CJ},
  year = {2015},
  month = {Apr},
  journal = {Knowl Inf Syst},
  volume = {43},
  number = {},
  pages = {157-180},
  pubmed_id = {26085707},
}
